<?xml version="1.0" encoding="UTF-8"?><collection xmlns="http://www.loc.gov/MARC21/slim"><record><leader>00444nam--2200145-i-4500</leader><controlfield tag="001">000003335</controlfield><controlfield tag="002">20161230</controlfield><controlfield tag="005">20170114005930</controlfield><controlfield tag="008">060222s1000------------r-----000-0-eng-d</controlfield><datafield ind1=" " ind2=" " tag="080"><subfield code="a">53(082)</subfield></datafield><datafield ind1=" " ind2=" " tag="245"><subfield code="a">Aabhandlungen aus der sowjetischen physik redaktion der deutschen ubersetzung robert rompe. folge III</subfield></datafield><datafield ind1=" " ind2=" " tag="260"><subfield code="a">Berlin</subfield><subfield code="b">Kultur Und Fortschrift</subfield><subfield code="c">1953</subfield></datafield><datafield ind1=" " ind2=" " tag="300"><subfield code="a">347 p.Cu Ilustr.+ 1 F.Pl</subfield></datafield><datafield ind1=" " ind2=" " tag="852"><subfield code="a">3433</subfield></datafield><datafield ind1=" " ind2=" " tag="CAT"><subfield code="a">SYS</subfield><subfield code="c">20170114</subfield><subfield code="h">005930</subfield></datafield></record></collection>